<record><leader>00000cas a22000007a 4500</leader><controlfield tag="001">43461113</controlfield><controlfield tag="008">000215d19151928tnucr ne      0    0eng d</controlfield><datafield ind1=" " ind2=" " tag="010"><subfield code="a">sn 00063883 </subfield></datafield><datafield ind1=" " ind2=" " tag="040"><subfield code="a">TGN</subfield><subfield code="b">eng</subfield><subfield code="c">TGN</subfield><subfield code="d">OCLCF</subfield><subfield code="d">OCLCO</subfield></datafield><datafield ind1="1" ind2=" " tag="029"><subfield code="a">AU@</subfield><subfield code="b">000021382152</subfield></datafield><datafield ind1=" " ind2=" " tag="042"><subfield code="a">msc</subfield></datafield><datafield ind1="0" ind2=" " tag="130"><subfield code="a">State gazette (Dyersburg, Tenn. : 1915)</subfield></datafield><datafield ind1="0" ind2="0" tag="245"><subfield code="a">State gazette.</subfield></datafield><datafield ind1="1" ind2=" " tag="246"><subfield code="i">Issues for Oct. 16-26, 1928 have title:</subfield><subfield code="a">Semi-weekly state gazette</subfield></datafield><datafield ind1="3" ind2=" " tag="246"><subfield code="a">Semiweekly state gazette</subfield></datafield><datafield ind1=" " ind2=" " tag="260"><subfield code="a">Dyersburg, Tenn. :</subfield><subfield code="b">John C. Rogers &amp; Harvey A. Nelson,</subfield><subfield code="c">1915-1928.</subfield></datafield><datafield ind1=" " ind2=" " tag="300"><subfield code="a">v.</subfield></datafield><datafield ind1=" " ind2=" " tag="310"><subfield code="a">Semiweekly</subfield></datafield><datafield ind1="0" ind2=" " tag="362"><subfield code="a">50th year, no. 34 (Apr. 27, 1915)-63rd year, no. 86 (Oct. 26, 1928).</subfield></datafield><datafield ind1=" " ind2="0" tag="651"><subfield code="a">Dyersburg (Tenn.)</subfield><subfield code="v">Newspapers.</subfield></datafield><datafield ind1=" " ind2="0" tag="651"><subfield code="a">Dyer County (Tenn.)</subfield><subfield code="v">Newspapers.</subfield></datafield><datafield ind1=" " ind2="7" tag="655"><subfield code="a">Newspapers.</subfield><subfield code="2">fast</subfield><subfield code="0">(OCoLC)fst01423814</subfield></datafield><datafield ind1=" " ind2="7" tag="651"><subfield code="a">Tennessee</subfield><subfield code="z">Dyer County.</subfield><subfield code="2">fast</subfield><subfield code="0">(OCoLC)fst01206794</subfield></datafield><datafield ind1=" " ind2="7" tag="651"><subfield code="a">Tennessee</subfield><subfield code="z">Dyersburg.</subfield><subfield code="2">fast</subfield><subfield code="0">(OCoLC)fst01224709</subfield></datafield><datafield ind1=" " ind2=" " tag="752"><subfield code="a">United States</subfield><subfield code="b">Tennessee</subfield><subfield code="c">Dyer</subfield><subfield code="d">Dyersburg.</subfield></datafield><datafield ind1="0" ind2=" " tag="775"><subfield code="t">Daily state gazette (Dyersburg, Tenn.)</subfield><subfield code="w">(DLC)sn 00063885</subfield></datafield><datafield ind1="0" ind2="0" tag="780"><subfield code="t">State gazette and Dyer County herald</subfield><subfield code="w">(DLC)sn 00063882</subfield></datafield><datafield ind1="0" ind2="0" tag="785"><subfield code="t">Weekly state gazette (Dyersburg, Tenn.)</subfield><subfield code="w">(DLC)sn 00063884</subfield></datafield></record>